@book{ abelson-et-al:scheme,
  author = "Harold Abelson and Gerald~Jay Sussman and Julie Sussman",
  title = "Structure and Interpretation of Computer Programs",
  publisher = "MIT Press",
  address = "Cambridge, Massachusetts",
  year = "1985"
}

@article{ brachman-schmolze:kl-one,
  author = "Ronald~J. Brachman and James~G. Schmolze",
  title = "An overview of the {KL-ONE} knowledge representation system",
  journal = "Cognitive Science",
  volume = "9",
  number = "2",
  pages = "171--216",
  month = "April--June",
  year = "1985"
}

@misc{winrate,
  author = {Apu Kapadia},
  title = {{2-Player Hole Card Winrate}},
  howpublished = "\url{https://www.cs.indiana.edu/~kapadia/nofoldem/2_wins.stats}",
  year = {2005}, 
  note = "[Online; accessed 16-April-2019]"
}